% This file was created with JabRef  
% Encoding: utf8

@inproceedings{madiman2010entropies,
  title={The entropies of the sum and the difference of two IID random variables are not too different},
  author={Madiman, Mokshay and Kontoyiannis, Ioannis},
  booktitle={Information Theory Proceedings (ISIT), 2010 IEEE International Symposium on},
  pages={1369--1372},
  year={2010},
  organization={IEEE}
}

@Article{asefa2006multi,
  Title                    = {Multi-time scale stream flow predictions: The support vector machines approach},
  Author={ T. Asefa and  M.  Kemblowski and   M. McKee and  Abedalrazq Khalil},
  Journal                  = {Journal of Hydrology},
  Year                     = {2006},
  Number                   = {1},
  Pages                    = {7--16},
  Volume                   = {318},

  Publisher                = {Elsevier}
}

@Article{behzad2009generalization,
  Title                    = {Generalization performance of support vector machines and neural networks in runoff modeling},
  Author                   = { M. Behzad and   K. Asghari and M.  Eazi  and  Maziar Palhang},
  Journal                  = {Expert Systems with applications},
  Year                     = {2009},
  Number                   = {4},
  Pages                    = {7624--7629},
  Volume                   = {36},

  Publisher                = {Elsevier}
}


@article{gong2014estimating,
  title={Estimating information entropy for hydrological data: One-dimensional case},
  author={Wei Gong and Dawen Yang and  H. V. Gupta  and   Grey Nearing},
  journal={Water Resources Research},
  volume={50},
  number={6},
  pages={5003--5018},
  year={2014},
  publisher={Wiley Online Library}
}


@Article{duan2006model,
  Title                    = {Model Parameter Estimation Experiment (MOPEX): An overview of science strategy. and major results from the second and third workshops},
  Author                   = {Q. Duan  and   J. Schaake and  V. Andreassian and  et al},
  Journal                  = {Journal of Hydrology},
  Year                     = {2006},
  Number                   = {1},
  Pages                    = {3--17},
  Volume                   = {320},

  Publisher                = {Elsevier}
}

@Article{dibike2001model,
  Title                    = {Model induction with support vector machines: introduction and applications},
  Author                   = {Y. B. Dibike and   S. Velickov and  D. Solomatine and  et al ,},
  Journal                  = {Journal of Computing in Civil Engineering},
  Year                     = {2001},
  Number                   = {3},
  Pages                    = {208--216},
  Volume                   = {15},

  Publisher                = {American Society of Civil Engineers}
}

@Article{gerrits2009analytical,
  Title                    = {Analytical derivation of the Budyko curve based on rainfall characteristics and a simple evaporation model},
  Author                   = {A. M. J. Gerrits and  H. H. G.  Savenije and  E. J. M. Veling  and  et al ,},
  Journal                  = {Water Resources Research},
  Year                     = {2009},
  Number                   = {4},
  Volume                   = {45},

  Publisher                = {Wiley Online Library}
}

@Article{gong2013estimating,
  Title                    = {Estimating epistemic and aleatory uncertainties during hydrologic modeling: An information theoretic approach},
  Author                   = { W. Gong and  H. V. Gupta    and D. Yang and  et al},
  Journal                  = {Water Resources Research},
  Year                     = {2013},
  Number                   = {4},
  Pages                    = {2253--2273},
  Volume                   = {49},

  Publisher                = {Wiley Online Library}
}

@Article{tekleab2011water,
  Title                    = {Water balance modeling of Upper Blue Nile catchments using a top-down approach},
  Author                   = {S. Tekleab and S.  Uhlenbrook and Y.  Mohamed and  et al },
  Journal                  = {Hydrology and Earth System Sciences},
  Year                     = {2011},
  Number                   = {7},
  Pages                    = {2179--2193},
  Volume                   = {15},

  Publisher                = {Copernicus GmbH}
}

@Article{xu2014attribution,
  Title                    = {Attribution analysis based on the Budyko hypothesis for detecting the dominant cause of runoff decline in Haihe basin},
  Author                   = { X. Xu and  D. Yang  and H. Yang  and  et al },
  Journal                  = {Journal of Hydrology},
  Year                     = {2014},
  Pages                    = {530--540},
  Volume                   = {510},

  Publisher                = {Elsevier}
}

@Article{2007analyzing,
  Title                    = {Analyzing spatial and temporal variability of annual water-energy balance in nonhumid regions of China using the Budyko hypothesis},
  Author                   = {D.  Yang and  F. Sun and Z. Liu  and  et al },
  Journal                  = {Water Resources Research},
  Year                     = {2007},
  Number                   = {4},
  Volume                   = {43},

  Publisher                = {Wiley Online Library}
}

@Article{yang2008new,
  Title                    = {New analytical derivation of the mean annual water-energy balance equation},
  Author                   = {H. Yang  and D. Yang  and Z. Lei  and  et al},
  Journal                  = {Water Resources Research},
  Year                     = {2008},
  Number                   = {3},
  Volume                   = {44},

  Publisher                = {Wiley Online Library}
}



@Article{zhang2008water,
  Title                    = {Water balance modeling over variable time scales based on the Budyko framework--Model development and testing},
  Author                   = {L. Zhang  and  Potter N. and  Hickel K. and  et al },
  Journal                  = {Journal of Hydrology},
  Year                     = {2008},
  Number                   = {1},
  Pages                    = {117--131},
  Volume                   = {360},

  Publisher                = {Elsevier}
}

@Book{cover2012elements,
  Title                    = {Elements of information theory},
  Author                   = {T. M. Cover  and  J. A. Thomas},
  Publisher                = {John Wiley \& Sons},
  Year                     = {2012}
}

@Article{amorocho1973entropy,
  Title                    = {Entropy in the assessment of uncertainty in hydrologic systems and models},
  Author                   = {J. Amorocho and B. Espildora },
  Journal                  = {Water Resources Research},
  Year                     = {1973},
  Number                   = {6},
  Pages                    = {1511--1522},
  Volume                   = {9},

  Publisher                = {Wiley Online Library}
}

@Article{FuBaopu,
  Title                    = {Lansurface Evaporation Calculation},
  Author                   = {B. Fu},
  Journal                  = {Meterology Science(China)},
  Year                     = {1981},
  Number                   = {1},
  Pages                    = {23--31},
  Volume                   = {5}
}



@Book{hyvarinen2004independent,
  Title                    = {Independent component analysis},
  Author                   = {A. Hyv{\"a}rinen   and  J. Karhunen and E. Oja },
  Publisher                = {John Wiley \& Sons},
  Year                     = {2004},
  Volume                   = {46}
}

@Article{jobson1982evaporation,
  Title                    = {Evaporation Into the Atmosphere: Theory, History, and Applications},
  Author                   = {H. E. Jobson},
  Journal                  = {Eos Transactions American Geophysical Union},
  Year                     = {1982},
  Number                   = {51},
  Pages                    = {1223--1224},
  Volume                   = {63},

  Publisher                = {Wiley Online Library}
}

@Article{shannon2001mathematical,
  Title                    = {A mathematical theory of communication},
  Author                   = {C. E. Shannon },
  Journal                  = {ACM SIGMOBILE Mobile Computing and Communications Review},
  Year                     = {1948},
  Number                   = {1},
  Pages                    = {3--55},
  Volume                   = {5},

  Publisher                = {ACM}
}

@Article{chapman1986entropy,
  Title                    = {Entropy as a measure of hydrologic data uncertainty and model performance},
  Author                   = {T. G. Chapman },
  Journal                  = {Journal of Hydrology},
  Year                     = {1986},
  Number                   = {1},
  Pages                    = {111--126},
  Volume                   = {85},

  Publisher                = {Elsevier}
}

@Article{budyko1961heat,
  Title                    = {The heat balance of the earth's surface},
  Author                   = {M.I. Budyko},
  Journal                  = {Soviet Geography},
  Year                     = {1961},
  Number                   = {4},
  Pages                    = {3--13},
  Volume                   = {2},

  Publisher                = {Taylor \& Francis}
}

@Article{Beven,
  Title                    = {How far can we go in distributed hydrological modelling},
  Author                   = { K. J. Beven},
  Journal                  = {Hydrology and Earth
System Sciences},
  Year                     = {2001},
  Pages                    = {1-12},
  Volume                   = {5(1)}
}

@Article{choudhury1999evaluation,
  Title                    = {Evaluation of an empirical equation for annual evaporation using field observations and results from a biophysical model},
  Author                   = {B. J. Choudhury},
  Journal                  = {Journal of Hydrology},
  Year                     = {1999},
  Number                   = {1},
  Pages                    = {99--110},
  Volume                   = {216},

  Publisher                = {Elsevier}
}

@Article{chang2011libsvm,
  Title                    = {LIBSVM: a library for support vector machines},
  Author                   = { C. C. Chang and C. J. Lin  },
  Journal                  = {ACM Transactions on Intelligent Systems and Technology (TIST)},
  Year                     = {2011},
  Number                   = {3},
  Pages                    = {27},
  Volume                   = {2},

  Publisher                = {ACM}
}

@Article{moore1985probability,
  Title                    = {The probability-distributed principle and runoff production at point and basin scales},
  Author                   = {R. J. Moore  },
  Journal                  = {Hydrological Sciences Journal},
  Year                     = {1985},
  Number                   = {2},
  Pages                    = {273--297},
  Volume                   = {30},

  Publisher                = {Taylor \& Francis}
}

@Article{abebe2003managing,
  Title                    = {Managing uncertainty in hydrological models using complementary models},
  Author                   = {A. J. Abebe  and R. K.  Price },
  Journal                  = {Hydrological sciences journal},
  Year                     = {2003},
  Number                   = {5},
  Pages                    = {679--692},
  Volume                   = {48},

  Publisher                = {Taylor \& Francis}
}

@Article{freeze1969blueprint,
  Title                    = {Blueprint for a physically-based digitally-simulated hydrologic response model},
  Author                   = {R. A. Freeze and  R. L. Harlan},
  Journal                  = {Journal of Hydrology},
  Year                     = {1969},
  Number                   = {3},
  Pages                    = {237--258},
  Volume                   = {9},

  Publisher                = {Elsevier}
}

@Article{bloschl1995scale,
  Title                    = {Scale issues in hydrological modelling: a review},
  Author                   = {G.  Bl{\"o}schl  and  M. Sivapalan },
  Journal                  = {Hydrological processes},
  Year                     = {1995},
  Number                   = {3-4},
  Pages                    = {251--290},
  Volume                   = {9},

  Publisher                = {Wiley Online Library}
}

@Article{sankarasubramanian2003hydroclimatology,
  Title                    = {Hydroclimatology of the continental United States},
  Author                   = {A. Sankarasubramanian and R. M. Vogel },
  Journal                  = {Geophysical Research Letters},
  Year                     = {2003},
  Number                   = {7},
  Volume                   = {30},

  Publisher                = {Wiley Online Library}
}

@Article{sankarasubramanian2002annual,
  Title                    = {Annual hydroclimatology of the United States},
  Author                   = {A. Sankarasubramanian and R. M. Vogel },
  Journal                  = {Water Resources Research},
  Year                     = {2002},
  Number                   = {6},
  Pages                    = {19--1},
  Volume                   = {38},

  Publisher                = {Wiley Online Library}
}

@Article{pettitt1979non,
  Title                    = {A non-parametric approach to the change-point problem},
  Author                   = {A. N. Pettitt },
  Journal                  = {Applied statistics},
  Year                     = {1979},
  Pages                    = {126--135},

  Publisher                = {JSTOR}
}

@Article{wang2012responses,
  Title                    = {Responses of annual runoff, evaporation, and storage change to climate variability at the watershed scale},
  Author                   = {D. Wang  and N. Alimohammadi },
  Journal                  = {Water Resources Research},
  Year                     = {2012},
  Number                   = {5},
  Volume                   = {48},

  Publisher                = {Wiley Online Library}
}

@Article{weijs2010hydrological,
  Title                    = {Why hydrological predictions should be evaluated using information theory},
  Author                   = { S. V. Weijs and G. Schoups  and N. Van De Giesen },
  Journal                  = {Hydrology and Earth System Sciences},
  Year                     = {2010},
  Number                   = {12},
  Pages                    = {2545--2558},
  Volume                   = {14},

  Publisher                = {Copernicus GmbH}
}

@Article{weijs2011accounting,
  Title                    = {Accounting for observational uncertainty in forecast verification: An information-theoretical view on forecasts, observations, and truth},
  Author                   = { S. V. Weijs  and N. Van De Giesen },
  Journal                  = {Monthly Weather Review},
  Year                     = {2011},
  Number                   = {7},
  Pages                    = {2156--2162},
  Volume                   = {139}
}

@Article{weijs2010kullback,
  Title                    = {Kullback-Leibler divergence as a forecast skill score with classic reliability-resolution-uncertainty decomposition},
  Author                   = { S. V. Weijs and G. Schoups  and N. Van De Giesen },
  Journal                  = {Monthly Weather Review},
  Year                     = {2010},
  Number                   = {9},
  Pages                    = {3387--3399},
  Volume                   = {138}
}

@Article{boyle2001multicriteria,
  Title                    = {Multicriteria calibration of hydrologic models},
  Author                   = {D. P. Boyle },
  Year                     = {2001},

  Publisher                = {The University of Arizona}
}

@Article{kraskov2004estimating,
  Title                    = {Estimating mutual information},
  Author                   = {A. Kraskov  and H.  St{\"o}gbauer and P. Grassberger },
  Journal                  = {Physical review E},
  Year                     = {2004},
  Number                   = {6},
  Pages                    = {066138},
  Volume                   = {69},

  Publisher                = {APS}
}

@Book{singh2013entropy,
  Title                    = {Entropy theory and its application in environmental and water engineering},
  Author                   = {V. P. Singh },
  Publisher                = {John Wiley \& Sons},
  Year                     = {2013}
}

@Article{P,2000,a
  Title                    = {The entropy theory as a tool for modelling and decision-making in environmental and water resources},
  Author                   = {V. P. Singh },
  Journal                  = {WATER SA-PRETORIA-},
  Year                     = {2000},
  Number                   = {1},
  Pages                    = {1--12},
  Volume                   = {26},

  Publisher                = {WATER RESEARCH COMMISSION-S AFRICA}
}

@Article{singh2000entropy,
  Title                    = {The entropy theory as a tool for modelling  and decision-making in environmental and water resources},
  Author                   = {V. P. Singh },
  Journal                  = {WATER SA-PRETORIA-},
  Year                     = {2000},
  Number                   = {1},
  Pages                    = {1--12},
  Volume                   = {26},

  Publisher                = {WATER RESEARCH COMMISSION-S AFRICA}
}


@Article{singh1997use,
  Title                    = {The use of entropy in hydrology and water resources},
  Author                   = {V. P. Singh },
  Journal                  = {Hydrological processes},
  Year                     = {1997},
  Number                   = {6},
  Pages                    = {587--626},
  Volume                   = {11},

  Publisher                = {Bristol}
}

@InProceedings{shi1998modified,
  Title                    = {A modified particle swarm optimizer},
  Author                   = {Y. Shi  and R. Eberhart },
  Booktitle                = {Evolutionary Computation Proceedings,1998,IEEE World Congress on Computational Intelligence, The 1998 IEEE International Conference on},
  Year                     = {1998},
  Organization             = {IEEE},
  Pages                    = {69--73}
}

@Article{zhang2001response,
  Title                    = {Response of mean annual evapotranspiration to vegetation changes at catchment scale},
  Author                   = {L. Zhang  and  W. R. Dawes },
  Journal                  = {Water resources research},
  Year                     = {2001},
  Number                   = {3},
  Pages                    = {701--708},
  Volume                   = {37},

  Publisher                = {Wiley Online Library}
}

@Article{xiong1999two,
  Title                    = {A two-parameter monthly water balance model and its application},
  Author                   = {Lihua Xiong  and Shenglian Guo },
  Journal                  = {Journal of Hydrology},
  Year                     = {1999},
  Number                   = {1},
  Pages                    = {111--123},
  Volume                   = {216},

  Publisher                = {Elsevier}
}

@Article{abcd,
  Title                    = {Improved Methods for National Water Assessment},
  Author                   = {H. A. Thomas },
  Year                     = {1981},
  Volume                   = {WR15249270[A]},
}

@Article{cortes1995support,
  Title                    = {Support-vector networks},
  Author                   = {C. Cortes  and V. Vapnik  },
  Journal                  = {Machine learning},
  Year                     = {1995},
  Number                   = {3},
  Pages                    = {273--297},
  Volume                   = {20},

  Publisher                = {Springer}
}

@Article{nash1970river,
  Title                    = {River flow forecasting through conceptual models part I—A discussion of principles},
  Author                   = {J. E. Nash  and  J. V. Sutcliffe },
  Journal                  = {Journal of hydrology},
  Year                     = {1970},
  Number                   = {3},
  Pages                    = {282--290},
  Volume                   = {10},

  Publisher                = {Elsevier}
}

@Article{pokhrel2010use,
  Title                    = {On the use of spatial regularization strategies to improve calibration of distributed watershed models},
  Author                   = {P. Pokhrel  and H. V. Gupta  },
  Journal                  = {Water resources research},
  Year                     = {2010},
  Number                   = {1},
  Volume                   = {46},

  Publisher                = {Wiley Online Library}
}

@Article{phdgong,
  Title                    = {Watershed model uncertainty analysis based on information entropy  and mutual information},
  Author                   = {W. Gong },
  Journal                  = {PhD thesis of Department of Hydraulic Engineering Tsinghua University,  Beijing, China },
  Year                     = {2012},
}

@Article{lin2006using,
  Title                    = {Using support vector machines for long-term discharge prediction},
  Author                   = {J. Y. Lin  and C. T. Cheng  and K. W. Chau  },
  Journal                  = {Hydrological Sciences Journal},
  Year                     = {2006},
  Number                   = {4},
  Pages                    = {599--612},
  Volume                   = {51},

  Publisher                = {Taylor \& Francis}
}

@article{weijs2013data,
  title={Data compression to define information content of hydrological time series},
  author={S. V. Weijs  and N. Van De Giesen  and M. B. Parlange  },
  journal={Hydrology. and Earth System Sciences},
  volume={17},
  number={8},
  pages={3171--3187},
  year={2013},
  publisher={Copernicus GmbH}
}

@article{weijs2013hydrozip,
  title={HydroZIP: how hydrological knowledge can be used to improve compression of hydrological data},
  author={S. V. Weijs  and N. Van De Giesen  and M. B. Parlange  },
  journal={Entropy},
  volume={15},
  number={4},
  pages={1289--1310},
  year={2013},
  publisher={Multidisciplinary Digital Publishing Institute}
}

@article{cerra2013expanding,
  title={Expanding the algorithmic information theory frame for applications to earth observation},
  author={ D. Cerra and M. Datcu  },
  journal={Entropy},
  volume={15},
  number={1},
  pages={407--415},
  year={2013},
  publisher={Multidisciplinary Digital Publishing Institute}
}

@article{granados2014discovering,
  title={Discovering Dataset Nature through Algorithmic Clustering based on String Compression},
  author={A. Granados  and K.  Koroutchev and F. De Borja Rodriguez },
  year={2014},
  publisher={IEEE}
}

@article{grunwald2004shannon,
  title={Shannon information. and Kolmogorov complexity},
  author={ P. Grunwald  and P. Vit{\'a}nyi },
  journal={arXiv preprint cs/0410002},
  year={2004}
}


@book{li2009introduction,
  title={An introduction to Kolmogorov complexity and its applications},
  author={Ming Li and Vit{\'a}nyi  Paul},
  year={2009},
  publisher={Springer Science \& Business Media}
}



@article{wang2014one,
  title={A one-parameter Budyko model for water balance captures emergent behavior in darwinian hydrologic models},
  author={D. Wang and Y. A. Tang },
  journal={Geophysical Research Letters},
  volume={41},
  number={13},
  pages={4569--4577},
  year={2014},
  publisher={Wiley Online Library}
}

@book{bryant2003computer,
  title={Computer systems: a programmer's perspective},
  author={R. Bryant and O. H. David Richard},
  year={2003},
  publisher={Prentice Hall}
}

@book{beven1996discussion,
  title={A discussion of distributed hydrological modelling},
  author={Beven, Keith J},
  year={1996},
  publisher={Springer}
}

@Article{yang2007analyzing,
  Title                    = {Analyzing spatial and temporal variability of annual water-energy balance in nonhumid regions of China using the Budyko hypothesis},
  Author                   = {D.  Yang and  F. Sun and Z. Liu  and  et al },
  Journal                  = {Water Resources Research},
  Year                     = {2007},
  Number                   = {4},
  Volume                   = {43},

  Publisher                = {Wiley Online Library}
}

@article{zrj,
  title={The Xinanjiang model applied in China},
  author={Zhao, Ren-Jun},
  year={1992}
}
@book{zxw,
  title={熵气象学},
  author={张学文},
  year={1992},
  publisher={气象出版社}
}

@article{rodriguez1999probabilistic,
  title={Probabilistic modelling of water balance at a point: the role of climate, soil and vegetation},
  author={Rodriguez-Iturbe, Ignacio and Porporato, A and Ridolfi, Luca and Isham, V and Coxi, DR},
  journal={Proceedings of the Royal Society of London. Series A: Mathematical, Physical and Engineering Sciences},
  volume={455},
  number={1990},
  pages={3789--3805},
  year={1999},
  publisher={The Royal Society}
}

@article{yang2014error,
  title={An error analysis of the Budyko hypothesis for assessing the contribution of climate change to runoff},
  author={Yang, Hanbo and Yang, Dawen and Hu, Qingfang},
  journal={Water Resources Research},
  volume={50},
  number={12},
  pages={9620--9629},
  year={2014},
  publisher={Wiley Online Library}
}

@article{li2014assessing,
  title={Assessing the impact of interannual variability of precipitation and potential evaporation on evapotranspiration},
  author={Li, Dan},
  journal={Advances in Water Resources},
  volume={70},
  pages={1--11},
  year={2014},
  publisher={Elsevier}
}

@book{hofstadter1980godel,
  title={Godel, Escher, Bach, An Eternal Golden Braid},
  author={Hofstadter, Douglas R},
  journal={Les brins d'une guirlande {\'e}ternelle},
  year={1980}
}

@article{cong2015understanding,
  title={Understanding hydrological trends by combining the Budyko hypothesis and a stochastic soil moisture model},
  author={Cong, Zhentao and Zhang, Xiaoying and Li, Dan and Yang, Hanbo and Yang, Dawen},
  journal={Hydrological Sciences Journal},
  volume={60},
  number={1},
  pages={145--155},
  year={2015},
  publisher={Taylor \& Francis}
}

@inproceedings{hanson2008probability,
  title={The probability distribution of daily rainfall in the United States},
  author={Hanson, Lars S and Vogel, Richard},
  booktitle={Conference proceeding paper, World Environmental and Water Resources Congress},
  year={2008}
}

@article{mehrotra2006comparison,
  title={A comparison of three stochastic multi-site precipitation occurrence generators},
  author={Mehrotra, R and Srikanthan, R and Sharma, Ashish},
  journal={Journal of Hydrology},
  volume={331},
  number={1},
  pages={280--292},
  year={2006},
  publisher={Elsevier}
}

@article{Woolhiser,
  title={Modeling daily precipitation – progress and
problems},
  author={Woolhiser, D.A.},
  journal={Statistics in the
Environmental and Earth Sciences},
  pages={71–89},
  year={1992},
  publisher={Wiley}
}

@article{geng1986simple,
  title={A simple method for generating daily rainfall data},
  author={Geng, Shu and de Vries, Frits WT Penning and Supit, Iwan},
  journal={Agricultural and Forest Meteorology},
  volume={36},
  number={4},
  pages={363--376},
  year={1986},
  publisher={Elsevier}
}

@article{woolhiser1982stochastic,
  title={Stochastic daily precipitation models: 2. A comparison of distributions of amounts},
  author={Woolhiser, David A and Rold{\'a}n, Jos{\'e}},
  journal={Water resources research},
  volume={18},
  number={5},
  pages={1461--1468},
  year={1982},
  publisher={Wiley Online Library}
}

@article{duan1995comparison,
  title={A comparison of stochastic models for generating daily precipitation at the HJ Andrews Experimental Forest},
  author={Duan, Jinfan and Sikka, Alok K and Grant, Gordon E},
  year={1995},
  publisher={WSU Press}
}

@article{burgueno2005statistical,
  title={Statistical distributions of the daily rainfall regime in Catalonia (northeastern Spain) for the years 1950--2000},
  author={Burgueno, A and Martinez, MD and Lana, X and Serra, C},
  journal={International Journal of Climatology},
  volume={25},
  number={10},
  pages={1381--1403},
  year={2005},
  publisher={Wiley Online Library}
}

@inproceedings{hanson2008probability,
  title={The probability distribution of daily rainfall in the United States},
  author={Hanson, Lars S and Vogel, Richard},
  booktitle={Conference proceeding paper, World Environmental and Water Resources Congress},
  year={2008}
}

@article{richardson1981stochastic,
  title={Stochastic simulation of daily precipitation, temperature, and solar radiation},
  author={Richardson, Clarence W},
  journal={Water Resources Research},
  volume={17},
  number={1},
  pages={182--190},
  year={1981},
  publisher={Wiley Online Library}
}

@article{wilks1999interannual,
  title={Interannual variability and extreme-value characteristics of several stochastic daily precipitation models},
  author={Wilks, Daniel S},
  journal={Agricultural and Forest Meteorology},
  volume={93},
  number={3},
  pages={153--169},
  year={1999},
  publisher={Elsevier}
}

@article{green1964model,
  title={A model for rainfall occurrence},
  author={Green, JR},
  journal={Journal of the Royal Statistical Society. Series B (Methodological)},
  pages={345--353},
  year={1964},
  publisher={JSTOR}
}

@article{thompson1984homogeneity,
  title={Homogeneity analysis of rainfall series: an application of the use of a realistic rainfall model},
  author={Thompson, CS},
  journal={Journal of climatology},
  volume={4},
  number={6},
  pages={609--619},
  year={1984},
  publisher={Wiley Online Library}
}

@article{gabriel1962markov,
  title={A Markov chain model for daily rainfall occurrence at Tel Aviv},
  author={Gabriel, KR and Neumann, J},
  journal={Quarterly Journal of the Royal Meteorological Society},
  volume={88},
  number={375},
  pages={90--95},
  year={1962},
  publisher={Wiley Online Library}
}

@article{buishand1978some,
  title={Some remarks on the use of daily rainfall models},
  author={Buishand, TA},
  journal={Journal of Hydrology},
  volume={36},
  number={3},
  pages={295--308},
  year={1978},
  publisher={Elsevier}
}

@article{sharma1999nonparametric,
  title={A nonparametric approach for daily rainfall simulation},
  author={Sharma, Ashish and Lall, Upmanu},
  journal={Mathematics and Computers in Simulation},
  volume={48},
  number={4},
  pages={361--371},
  year={1999},
  publisher={Elsevier}
}

@article{haan1976markov,
  title={A Markov chain model of daily rainfall},
  author={Haan, CT and Allen, DM and Street, JO},
  journal={Water Resources Research},
  volume={12},
  number={3},
  pages={443--449},
  year={1976},
  publisher={Wiley Online Library}
}

@article{gregory1993application,
  title={Application of Markov models to area-average daily precipitation series and interannual variability in seasonal totals},
  author={Gregory, JM and Wigley, TML and Jones, PD},
  journal={Climate dynamics},
  volume={8},
  number={6},
  pages={299--310},
  year={1993},
  publisher={Springer}
}

@article{bras1976rainfall,
  title={Rainfall generation: A nonstationary time-varying multidimensional model},
  author={Bras, Rafael L and Rodr{\'\i}guez-Iturbe, Ignacio},
  journal={Water Resources Research},
  volume={12},
  number={3},
  pages={450--456},
  year={1976},
  publisher={Wiley Online Library}
}

@article{lall1996nonparametric,
  title={A nonparametric wet/dry spell model for resampling daily precipitation},
  author={Lall, Upmanu and Rajagopalan, Balaji and Tarboton, David G},
  journal={Water Resources Research},
  volume={32},
  number={9},
  pages={2803--2823},
  year={1996},
  publisher={Wiley Online Library}
}

@article{milly1993analytic,
  title={An analytic solution of the stochastic storage problem applicable to soil water},
  author={Milly, PCD},
  journal={Water Resources Research},
  volume={29},
  number={11},
  pages={3755--3758},
  year={1993},
  publisher={Wiley Online Library}
}
@article{milly1994climate,
  title={Climate, soil water storage, and the average annual water balance},
  author={Milly, PCD},
  journal={Water Resources Research},
  volume={30},
  number={7},
  pages={2143--2156},
  year={1994},
  publisher={Wiley Online Library}
}
@article{porporato2004soil,
  title={Soil water balance and ecosystem response to climate change},
  author={Porporato, Amilcare and Daly, Edoardo and Rodriguez-Iturbe, Ignacio},
  journal={The American Naturalist},
  volume={164},
  number={5},
  pages={625--632},
  year={2004},
  publisher={JSTOR}
}
@article{rodriguez1999probabilistic,
  title={Probabilistic modelling of water balance at a point: the role of climate, soil and vegetation},
  author={Rodriguez-Iturbe, Ignacio and Porporato, A and Ridolfi, Luca and Isham, V and Coxi, DR},
  journal={Proceedings of the Royal Society of London. Series A: Mathematical, Physical and Engineering Sciences},
  volume={455},
  number={1990},
  pages={3789--3805},
  year={1999},
  publisher={The Royal Society}
}

@article{laio2001plants,
  title={Plants in water-controlled ecosystems: active role in hydrologic processes and response to water stress: II. Probabilistic soil moisture dynamics},
  author={Laio, Francesco and Porporato, A and Ridolfi, Luca and Rodriguez-Iturbe, Ignacio},
  journal={Advances in Water Resources},
  volume={24},
  number={7},
  pages={707--723},
  year={2001},
  publisher={Elsevier}
}

@article{porporato2004soil,
  title={Soil water balance and ecosystem response to climate change},
  author={Porporato, Amilcare and Daly, Edoardo and Rodriguez-Iturbe, Ignacio},
  journal={The American Naturalist},
  volume={164},
  number={5},
  pages={625--632},
  year={2004},
  publisher={JSTOR}
}

@article{donohue2012roots,
  title={Roots, storms and soil pores: Incorporating key ecohydrological processes into Budyko’s hydrological model},
  author={Donohue, Randall J and Roderick, Michael L and McVicar, Tim R},
  journal={Journal of Hydrology},
  volume={436},
  pages={35--50},
  year={2012},
  publisher={Elsevier}
}

@article{choudhury1999evaluation,
  title={Evaluation of an empirical equation for annual evaporation using field observations and results from a biophysical model},
  author={Choudhury, BhaskarJ},
  journal={Journal of Hydrology},
  volume={216},
  number={1},
  pages={99--110},
  year={1999},
  publisher={Elsevier}
}

@article{cong2015understanding,
  title={Understanding hydrological trends by combining the Budyko hypothesis and a stochastic soil moisture model},
  author={Cong, Zhentao and Zhang, Xiaoying and Li, Dan and Yang, Hanbo and Yang, Dawen},
  journal={Hydrological Sciences Journal},
  volume={60},
  number={1},
  pages={145--155},
  year={2015},
  publisher={Taylor \& Francis}
}

@article{akaike1974new,
  title={A new look at the statistical model identification},
  author={Akaike, Hirotugu},
  journal={Automatic Control, IEEE Transactions on},
  volume={19},
  number={6},
  pages={716--723},
  year={1974},
  publisher={Ieee}
}

@article{schwarz1978estimating,
  title={Estimating the dimension of a model},
  author={Schwarz, Gideon and others},
  journal={The annals of statistics},
  volume={6},
  number={2},
  pages={461--464},
  year={1978},
  publisher={Institute of Mathematical Statistics}
}

@article{hannan1979determination,
  title={The determination of the order of an autoregression},
  author={Hannan, Edward J and Quinn, Barry G},
  journal={Journal of the Royal Statistical Society. Series B (Methodological)},
  pages={190--195},
  year={1979},
  publisher={JSTOR}
}

@article{kolmogorov1968logical,
  title={Logical basis for information theory and probability theory},
  author={Kolmogorov, Andrei},
  journal={Information Theory, IEEE Transactions on},
  volume={14},
  number={5},
  pages={662--664},
  year={1968},
  publisher={IEEE}
}

@article{weijs2013data,
  title={Data compression to define information content of hydrological time series},
  author={Weijs, SV and Van De Giesen, N and Parlange, MB},
  journal={Hydrology and Earth System Sciences},
  volume={17},
  number={EPFL-ARTICLE-188013},
  pages={3171--3187},
  year={2013},
  publisher={Copernicus Gesellschaft Mbh}
}

@article{schaake1989development,
  title={Development and application of simple water balance models to understand the relationship between climate and water resources},
  author={Schaake, JC and Liu, CZ},
  journal={IAHS Publication (United Kingdom)},
  year={1989}
}

@article{braun1992application,
  title={Application of a conceptual runoff model in different physiographic regions of Switzerland},
  author={Braun, LN and Renner, CB},
  journal={Hydrological Sciences Journal},
  volume={37},
  number={3},
  pages={217--231},
  year={1992},
  publisher={Taylor \& Francis}
}

@article{beven1989changing,
  title={Changing ideas in hydrology—the case of physically-based models},
  author={Beven, Keith},
  journal={Journal of hydrology},
  volume={105},
  number={1},
  pages={157--172},
  year={1989},
  publisher={Elsevier}
}

@article{todini2007hydrological,
  title={Hydrological catchment modelling: past, present and future},
  author={Todini, E},
  journal={Hydrology and Earth System Sciences},
  volume={11},
  number={1},
  pages={468--482},
  year={2007},
  publisher={Copernicus GmbH}
}

@article{solomatine2008data,
  title={Data-driven modelling: some past experiences and new approaches},
  author={Solomatine, D and Ostfeld, Avi},
  journal={Journal of hydroinformatics},
  volume={10},
  number={1},
  pages={3--22},
  year={2008}
}

@book{abrahart2007hydroinformatics,
  title={Hydroinformatics in Practice: Computational Intelligence and Technological Developments in Water Applications},
  author={Abrahart, RJ and Solomatine, DP and See, LM},
  year={2007},
  publisher={Springer Verlag}
}

@article{bellman1962applied,
  title={Applied dynamic programming},
  author={Bellman, Richard Ernest and Dreyfus, Stuart E},
  year={1962},
  publisher={Rand Corporation}
}

@article{hsu1995artificial,
  title={Artificial Neural Network Modeling of the Rainfall-Runoff Process},
  author={Hsu, Kuo-lin and Gupta, Hoshin Vijai and Sorooshian, Soroosh},
  journal={Water resources research},
  volume={31},
  number={10},
  pages={2517--2530},
  year={1995},
  publisher={Wiley Online Library}
}

@article{solomatine2008instance,
  title={Instance-based learning compared to other data-driven methods in hydrological forecasting},
  author={Solomatine, Dimitri P and Maskey, Mahesh and Shrestha, Durga Lal},
  journal={Hydrological Processes},
  volume={22},
  number={2},
  pages={275--287},
  year={2008},
  publisher={Wiley Online Library}
}
@misc{liong2002flood,
  title={Flood stage forecasting with support vector machines1},
  author={Liong, Shie-Yui and Sivapragasam, Chandrasekaran},
  year={2002},
  publisher={Wiley Online Library}
}

@book{bryant2003computer,
  title={Computer systems: a programmer's perspective},
  author={Bryant, Randal and David Richard, O'Hallaron and David Richard, O'Hallaron},
  volume={2},
  year={2003},
  publisher={Prentice Hall Upper Saddle River}
}

@article{philip1966plant,
  title={Plant water relations: some physical aspects},
  author={Philip, John R},
  journal={Annual Review of Plant Physiology},
  volume={17},
  number={1},
  pages={245--268},
  year={1966},
  publisher={Annual Reviews 4139 El Camino Way, PO Box 10139, Palo Alto, CA 94303-0139, USA}
}

@article{rodriguez2001plants,
  title={Plants in water-controlled ecosystems: active role in hydrologic processes and response to water stress: I. Scope and general outline},
  author={Rodriguez-Iturbe, I and Porporato, A and Laio, F and Ridolfi, Luca},
  journal={Advances in Water Resources},
  volume={24},
  number={7},
  pages={695--705},
  year={2001},
  publisher={Elsevier}
}

@article{pxy,
  title={土壤水分随机模型支持下的土壤水平衡研究进展},
  author={潘兴瑶 and 夏军 and 张橹},
  journal={资源科学},
  volume={30},
  number={3},
  pages={460--467},
  year={2008}
}

@article{kolmogorov1950foundations,
  title={Foundations of the Theory of Probability.},
  author={Kolmogorov, Andre{\u\i}} Nikolaevich},
  year={1950},
  publisher={Chelsea Publishing Co.}
}

@article{gleick2011information,
  title={The Information: A History, A Theory, A Flood},
  author={Gleick, James},
  journal={IEEE Transactions on Information Theory},
  volume={9},
  number={57},
  pages={6332--6333},
  year={2011}
}

@book{jeffreys1998theory,
  title={The theory of probability},
  author={Jeffreys, Harold},
  year={1998},
  publisher={Oxford University Press}
}

@article{cox1946probability,
  title={Probability, frequency and reasonable expectation},
  author={Cox, Richard T},
  journal={American journal of physics},
  volume={14},
  number={1},
  pages={1--13},
  year={1946},
  publisher={American Association of Physics Teachers}
}

@book{jaynes2003probability,
  title={Probability theory: the logic of science},
  author={Jaynes, Edwin T},
  year={2003},
  publisher={Cambridge university press}
}

@article{krzysztofowicz1999bayesian,
  title={Bayesian theory of probabilistic forecasting via deterministic hydrologic model},
  author={Krzysztofowicz, Roman},
  journal={Water Resources Research},
  volume={35},
  number={9},
  pages={2739--2750},
  year={1999},
  publisher={Wiley Online Library}
}

@article{kavetski2006bayesian,
  title={Bayesian analysis of input uncertainty in hydrological modeling: 2. Application},
  author={Kavetski, Dmitri and Kuczera, George and Franks, Stewart W},
  journal={Water Resources Research},
  volume={42},
  number={3},
  year={2006},
  publisher={Wiley Online Library}
}

@article{ajami2007integrated,
  title={An integrated hydrologic Bayesian multimodel combination framework: Confronting input, parameter, and model structural uncertainty in hydrologic prediction},
  author={Ajami, Newsha K and Duan, Qingyun and Sorooshian, Soroosh},
  journal={Water Resources Research},
  volume={43},
  number={1},
  year={2007},
  publisher={Wiley Online Library}
}

@article{moon1995estimation,
  title={Estimation of mutual information using kernel density estimators},
  author={Moon, Young-Il and Rajagopalan, Balaji and Lall, Upmanu},
  journal={Physical Review E},
  volume={52},
  number={3},
  pages={2318--2321},
  year={1995}
}

@article{parzen1962estimation,
  title={On estimation of a probability density function and mode},
  author={Parzen, Emanuel},
  journal={The annals of mathematical statistics},
  pages={1065--1076},
  year={1962},
  publisher={JSTOR}
}

@article{leonenko,
  title={On statistical
estimation of entropy of random vector},
  author={L. F. Kozachenko , N. N. Leonenko},
  journal={Probl. Inf.
Trans.},
  pages={23(9)},
  year={1987},
  publisher={In Russian}
}

@article{hu,
  title={基于改进的两参数月水量平衡模型的月径流模拟},
  author={胡庆芳 and 王银堂 and 刘克琳 and 王宗志},
  journal={河海大学学报: 自然科学版},
  volume={35},
  number={6},
  pages={638--642},
  year={2008}
}

@book{russell1995my,
  title={My philosophical development},
  author={Russell, Bertrand},
  year={1995},
  publisher={Psychology Press}
}

@article{swartzendruber1962non,
  title={Non-Darcy flow behavior in liquid-saturated porous media},
  author={Swartzendruber, Dale},
  journal={Journal of Geophysical Research},
  volume={67},
  number={13},
  pages={5205--5213},
  year={1962},
  publisher={Wiley Online Library}
}

@inproceedings{gish1991preferential,
  title={Preferential flow},
  author={Gish, TJ and Shirmohammadi, A},
  booktitle={Chicago: Proceedings of the National Symposium},
  pages={16--17},
  year={1991}
}
 
@article{myung1997applying,
  title={Applying Occam’s razor in modeling cognition: A Bayesian approach},
  author={Myung, In Jae and Pitt, Mark A},
  journal={Psychonomic Bulletin \& Review},
  volume={4},
  number={1},
  pages={79--95},
  year={1997},
  publisher={Springer}
}

@article{delworth1988influence,
  title={The influence of potential evaporation on the variabilities of simulated soil wetness and climate},
  author={Delworth, Thomas L and Manabe, Syukuro},
  journal={Journal of Climate},
  volume={1},
  number={5},
  pages={523--547},
  year={1988}
}

@article{katul2007spectrum,
  title={On the spectrum of soil moisture from hourly to interannual scales},
  author={Katul, Gabriel G and Porporato, Amilcare and Daly, Edoardo and Oishi, A Christopher and Kim, Hyun-Seok and Stoy, Paul C and Juang, Jehn-Yih and Siqueira, Mario B},
  journal={Water Resources Research},
  volume={43},
  number={5},
  year={2007},
  publisher={Wiley Online Library}
}

@article{nakai2014radiative,
  title={Radiative and precipitation controls on root zone soil moisture spectra},
  author={Nakai, Taro and Katul, Gabriel G and Kotani, Ayumi and Igarashi, Yasunori and Ohta, Takeshi and Suzuki, Masakazu and Kumagai, Tomo'omi},
  journal={Geophysical Research Letters},
  volume={41},
  number={21},
  pages={7546--7554},
  year={2014},
  publisher={Wiley Online Library}
}

@article{schaake1989development,
  title={Development and application of simple water balance models to understand the relationship between climate and water resources},
  author={Schaake, JC and Liu, CZ},
  journal={IAHS Publication (United Kingdom)},
  year={1989}
}

@article{knapp2002rainfall,
  title={Rainfall variability, carbon cycling, and plant species diversity in a mesic grassland},
  author={Knapp, Alan K and Fay, Philip A and Blair, John M and Collins, Scott L and Smith, Melinda D and Carlisle, Jonathan D and Harper, Christopher W and Danner, Brett T and Lett, Michelle S and McCarron, James K},
  journal={Science},
  volume={298},
  number={5601},
  pages={2202--2205},
  year={2002},
  publisher={American Association for the Advancement of Science}
}

@book{ruixiaofang,
  title={产汇流理论},
  author={芮孝芳},
  year={1995},
  publisher={水利电力出版社}
}
\\
@article{eagleson1978climate,
  title={Climate, soil, and vegetation: 1. Introduction to water balance dynamics},
  author={Eagleson, Peter S},
  journal={Water Resources Research},
  volume={14},
  number={5},
  pages={705--712},
  year={1978},
  publisher={Wiley Online Library}
}

@article{cox1986virtual,
  title={The virtual waiting-time and related processes},
  author={Cox, DR and Isham, Valerie},
  journal={Advances in Applied Probability},
  pages={558--573},
  year={1986},
  publisher={JSTOR}
}

@article{porporato2002ecohydrology,
  title={Ecohydrology-a challenging multidisciplinary research perspective/Ecohydrologie: une perspective stimulante de recherche multidisciplinaire},
  author={Porporato, Amilcare and Rodriguez-Iturbe, Ignacio},
  journal={Hydrological sciences journal},
  volume={47},
  number={5},
  pages={811--821},
  year={2002},
  publisher={Taylor \& Francis}
}

@article{clark2001ecological,
  title={Ecological forecasts: an emerging imperative},
  author={Clark, James S and Carpenter, Steven R and Barber, Mary and Collins, Scott and Dobson, Andy and Foley, Jonathan A and Lodge, David M and Pascual, Mercedes and Pielke Jr, Roger and Pizer, William and others},
  journal={science},
  volume={293},
  number={5530},
  pages={657--660},
  year={2001},
  publisher={American Association for the Advancement of Science}
}

@article{porporato2004soil,
  title={Soil water balance and ecosystem response to climate change},
  author={Porporato, Amilcare and Daly, Edoardo and Rodriguez-Iturbe, Ignacio},
  journal={The American Naturalist},
  volume={164},
  number={5},
  pages={625--632},
  year={2004},
  publisher={JSTOR}
}

@article{laio2001plants,
  title={Plants in water-controlled ecosystems: active role in hydrologic processes and response to water stress: II. Probabilistic soil moisture dynamics},
  author={Laio, Francesco and Porporato, A and Ridolfi, Luca and Rodriguez-Iturbe, Ignacio},
  journal={Advances in Water Resources},
  volume={24},
  number={7},
  pages={707--723},
  year={2001},
  publisher={Elsevier}
}

@article{porporato2003soil,
  title={Soil moisture and plant stress dynamics along the Kalahari precipitation gradient},
  author={Porporato, Amilcare and Laio, Francesco and Ridolfi, Luca and Caylor, Kelly K and Rodriguez-Iturbe, Ignacio},
  journal={Journal of Geophysical Research: Atmospheres (1984--2012)},
  volume={108},
  number={D3},
  year={2003},
  publisher={Wiley Online Library}
}

@article{laio2002seasonal,
  title={On the seasonal dynamics of mean soil moisture},
  author={Laio, F and Porporato, A and Ridolfi, L and Rodriguez-Iturbe, I},
  journal={Journal of Geophysical Research: Atmospheres (1984--2012)},
  volume={107},
  number={D15},
  pages={ACL--8},
  year={2002},
  publisher={Wiley Online Library}
}

@book{eagleson2011land,
  title={Land surface processes in atmospheric general circulation models},
  author={Eagleson, Peter S},
  year={2011},
  publisher={Cambridge University Press}
}

@book{boussinesq1903theorie,
  title={Th{\'e}orie analytique de la chaleur: mise en harmonie avec la thermodynamique et avec la th{\'e}orie m{\'e}canique de la lumi{\`e}re},
  author={Boussinesq, Joseph},
  volume={2},
  year={1903},
  publisher={Gauthier-Villars}
}