@article{griffin2014unusual,
	title={How unusual is the 2012--2014 California drought?},
	author={Griffin, Daniel and Anchukaitis, Kevin J},
	journal={Geophysical Research Letters},
	volume={41},
	number={24},
	pages={9017--9023},
	year={2014},
	publisher={Wiley Online Library}
}
