
@article{bouwman_uncertainties_1995,
	title = {Uncertainties in the global source distribution of nitrous oxide},
	volume = {100},
	url = {http://www.agu.org/pubs/crossref/1995/94JD02946.shtml},
	doi = {199510.1029/94JD02946},
	number = {D2},
	urldate = {2012-07-03},
	journal = {Journal of Geophysical Research},
	author = {Bouwman, A.F. and Hoek, K.W. Van der and Olivier, J.G.J.},
	month = feb,
	year = {1995},
	pages = {2785--2800}
},

@misc{european_commission_joint_research_centre_jrc_emission_2011,
	title = {Emission Database for Global Atmospheric Research {(EDGAR)}},
	shorttitle = {Global Emissions {EDGAR} v4.2 {(November} 2011)},
	url = {http://edgar.jrc.ec.europa.eu/overview.php?v=42},
	urldate = {2012-10-11},
	author = {{{European} Commission Joint Research Centre {(JRC)}} and {{Netherlands} Environmental Assessment Agency {(PBL)}}},
	month = nov,
	year = {2011},
},

@article{van_der_werf_global_2010,
	title = {Global fire emissions and the contribution of deforestation, savanna, forest, agricultural, and peat fires (1997-2009)},
	volume = {10},
	url = {http://www.atmos-chem-phys.net/10/11707/2010/acp-10-11707-2010.html},
	doi = {10.5194/acp-10-11707-2010},
	number = {23},
	urldate = {2012-10-11},
	journal = {Atmospheric Chemistry and Physics},
	author = {van der Werf, G.R. and Randerson, J.T. and Giglio, L. and Collatz, G.J. and Mu, M. and Kasibhatla, P.S. and Morton, D.C. and DeFries, R.S. and Jin, Y. and van Leeuwen, T.T.},
	year = {2010},
	pages = {11707--11735},
},

@article{miller_regional_2012,
	title = {Regional sources of nitrous oxide over the {United States}: Seasonal variation and spatial distribution},
	volume = {117},
	shorttitle = {Regional sources of nitrous oxide over the United States},
	url = {http://www.agu.org/pubs/crossref/2012/2011JD016951.shtml},
	doi = {201210.1029/2011JD016951},
	urldate = {2012-04-17},
	journal = {Journal of Geophysical Research},
	author = {Miller, S. M. and Kort, E. A. and Hirsch, A. I. and Dlugokencky, E. J. and Andrews, A. E. and Xu, X. and Tian, H. and Nehrkorn, T. and Eluszkiewicz, J. and Michalak, A. M. and Wofsy, S. C.},
	month = mar,
	year = {2012},
	pages = {13 PP.}
},

@techreport{oleson_clm3.5_2007,
	address = {Boulder, {CO}},
	title = {{CLM3.5} Documentation},
	shorttitle = {{CLM3.5} Documentation},
	url = {http://www.cgd.ucar.edu/tss/clm/distribution/clm3.5/},
	urldate = {2012-10-11},
	institution = {{UCAR}},
	author = {Oleson, K.W. and Niu, G.-Y. and Yang, Z.-L. and Lawrence, D.M. and Thornton, P.E. and Lawrence, P.J. and Stockli, R. and Dickinson, R.E. and Bonan, G.B. and Levis, S.},
	month = apr,
	year = {2007},
	pages = {35},
	file = {CLM3.5 Public Release Home Page:/home/tlroche/.zotero/zotero/20111008/zotero/storage/BT8ATHT2/index.html:text/html}
},

@misc{texas_agrilife_blackland_research_and_extension_center_epic_2011,
	title = {{EPIC} and {APEX} Models},
	shorttitle = {{EPIC} and {APEX} Models},
	url = {http://epicapex.brc.tamus.edu/},
	type = {text/html/images},
	language = {english},
	urldate = {2012-10-11},
	author = {{{Texas} {AgriLife} Blackland Research and Extension Center}},
	month = sep,
	year = {2011},
},

@article{thomson_biological_2012,
	title = {Biological sources and sinks of nitrous oxide and strategies to mitigate emissions},
	volume = {367},
	url = {http://rstb.royalsocietypublishing.org/content/367/1593/1157},
	doi = {10.1098/rstb.2011.0415},
	language = {en},
	number = {1593},
	urldate = {2012-06-29},
	journal = {Philosophical Transactions of the Royal Society B: Biological Sciences},
	author = {Thomson, A.J. and Giannopoulos, G. and Pretty, J. and Baggs, E.M. and Richardson, D.J.},
	month = may,
	year = {2012},
	pages = {1157--1168},
	file = {Full Text PDF:/home/tlroche/.zotero/zotero/20111008/zotero/storage/M6FD2BXR/Thomson et al. - 2012 - Biological sources and sinks of nitrous oxide and .pdf:application/pdf;Snapshot:/home/tlroche/.zotero/zotero/20111008/zotero/storage/VPJ2VWBE/1157.html:text/html}
},

@article{wong_WRF_CMAQ_2012,
        author = {Wong, D. C. and Pleim, J. and Mathur, R. and Binkowski, F. and Otte, T. and Gilliam, R. and Pouliot, G. and Xiu, A. and Young, J. O. and Kang, D.},
        title = {{WRF-CMAQ} two-way coupled system with aerosol feedback: software development and preliminary results},
        journal = {Geoscientific Model Development},
        volume = {5},
        year = {2012},
        number = {2},
        pages = {299--312},
        url = {http://www.geosci-model-dev.net/5/299/2012/},
        doi = {10.5194/gmd-5-299-2012}
},

@incollection{eagle_Greenhouse_Gas_Mitigation_2012,
	title = "Greenhouse Gas Mitigation with Agricultural Land Management Activities in the {United States}--A Side-by-Side Comparison of Biophysical Potential",
	editor = "Donald L. Sparks",
	publisher = "Academic Press",
	year = "2012",
	volume = "115",
	pages = "79-179",
	series = "Advances in Agronomy",
	doi = "10.1016/B978-0-12-394276-0.00003-2",
	url = "http://www.sciencedirect.com/science/article/pii/B9780123942760000032",
	author = "Eagle, A.J. and Olander, L.P.",
},

@article{foley_CMAQ_47_2010,
        author = {Foley, K.M. and Roselle, S.J. and Appel, K.W. and Bhave, P.V. and Pleim, J.E. and Otte, T.L. and Mathur, R. and Sarwar, G. and Young, J.O. and Gilliam, R.C. and Nolte, C.G. and Kelly, J.T. and Gilliland, A.B. and Bash, J.O.},
        title = {Incremental testing of the {Community Multiscale Air Quality (CMAQ)} modeling system version 4.7},
        journal = {Geoscientific Model Development},
        volume = {3},
        year = {2010},
        number = {1},
        pages = {205--226},
        url = {http://www.geosci-model-dev.net/3/205/2010/},
        doi = {10.5194/gmd-3-205-2010}
}

@article{byun_review_2006,
	title = {Review of the Governing Equations, Computational Algorithms, and Other Components of the {Models-3 Community Multiscale Air Quality (CMAQ)} Modeling System},
	volume = {59},
	url = {http://link.aip.org/link/AMREAD/v59/i2/p51/s1&Agg=doi},
	doi = {10.1115/1.2128636},
	number = {2},
	urldate = {2012-11-26},
	journal = {Applied Mechanics Reviews},
	author = {Byun, D. and Schere, K.L.},
	year = {2006},
	pages = {51},
}

@article{cooter_linking_2012,
	title = {Linking agricultural crop management and air quality models for regional to national-scale nitrogen assessments},
	volume = {9},
	doi = {10.5194/bg-9-4023-2012},
	number = {10},
	journal = {Biogeosciences},
	url = {http://www.biogeosciences.net/9/4023/2012/},
	author = {Cooter, E. J. and Bash, J. O. and Benson, V. and Ran, L.},
	month = oct,
	year = {2012},
	pages = {4023--4035}
}

@techreport{olander_using_2011,
	address = {Durham, {NC}, {US}},
	title = {Using Biogeochemical Process Models to Quantify Greenhouse Gas Mitigation from Agricultural Management Projects},
	url = {http://nicholasinstitute.duke.edu/ecosystem/t-agg/using-biogeochemical-process},
	number = {{NI} R 11-03},
	institution = {Technical working group on agricultural greenhouse gases {(T-AGG)}, {Nicholas Institute for Environmental Policy Solutions}, {Duke University}},
	author = {Olander, {L.P.} and Haugen-Kozyra, K.},
	month = mar,
	year = {2011}
}

@article{ravishankara_nitrous_2009,
	title = {Nitrous Oxide {(N2O)}: The Dominant Ozone-Depleting Substance Emitted in the 21st Century},
	volume = {326},
	url = {http://www.sciencemag.org/content/326/5949/123},
	doi = {10.1126/science.1176985},
	language = {en},
	number = {5949},
	urldate = {2012-06-18},
	journal = {Science},
	author = {Ravishankara, A.R. and Daniel, J.S. and Portmann, R.W.},
	month = oct,
	year = {2009},
	pages = {123--125},
}

@misc{butler_noaa_2012,
	title = {The {NOAA} Annual Greenhouse Gas Index {(AGGI)}},
	url = {http://www.esrl.noaa.gov/gmd/aggi/},
	urldate = {2012-11-30},
	journal = {{NOAA/ESRL} Global Monitoring Division - {THE} {NOAA} {ANNUAL} {GREENHOUSE} {GAS} {INDEX} {(AGGI)}},
	author = {Butler, J.H.},
	year = {summer 2012},
}

@techreport{skamarock_description_2005,
	address = {Boulder, {CO}},
	title = {A Description of the Advanced Research {WRF} Version 2},
	url = {http://dx.doi.org/10.5065/D6DZ069T},
	number = {{NCAR/TN-468+STR}},
	urldate = {2012-11-30},
	institution = {Mesoscale and Microscale Meteorology Division, {NCAR}},
	author = {{Skamarock, {W.C.}} and {Klemp, {J.B.}} and {Dudhia, J.} and {Gill, {D.O.}} and {Barker, {D.M.}} and {Wang, W.} and {Powers, {J.G.}}},
	month = jun,
	year = {2005},
	pages = {100},
}

@article{smith_effects_1998,
	title = {Effects of temperature, water content and nitrogen fertilisation on emissions of nitrous oxide by soils},
	volume = {32},
	url = {http://www.sciencedirect.com/science/article/pii/S1352231097004925},
	doi = {10.1016/S1352-2310(97)00492-5},
	number = {19},
	urldate = {2012-12-01},
	journal = {Atmospheric Environment},
	author = {Smith, {K.A} and Thomson, {P.E.} and Clayton, H. and {McTaggart}, {I.P} and Conen, F},
	month = oct,
	year = {1998},
	pages = {3301--3309},
}
