% This file was created with JabRef  
% Encoding: utf8

@inproceedings{madiman2010entropies,
  title={The entropies of the sum and the difference of two IID random variables are not too different},
  author={Madiman, Mokshay and Kontoyiannis, Ioannis},
  booktitle={Information Theory Proceedings (ISIT), 2010 IEEE International Symposium on},
  pages={1369--1372},
  year={2010},
  organization={IEEE}
}

@Article{asefa2006multi,
  Title                    = {Multi-time scale stream flow predictions: The support vector machines approach},
  Author={ T. Asefa and  M.  Kemblowski and   M. McKee and  Abedalrazq Khalil},
  Journal                  = {Journal of Hydrology},
  Year                     = {2006},
  Number                   = {1},
  Pages                    = {7--16},
  Volume                   = {318},

  Publisher                = {Elsevier}
}

@Article{behzad2009generalization,
  Title                    = {Generalization performance of support vector machines and neural networks in runoff modeling},
  Author                   = { M. Behzad and   K. Asghari and M.  Eazi  and  Maziar Palhang},
  Journal                  = {Expert Systems with applications},
  Year                     = {2009},
  Number                   = {4},
  Pages                    = {7624--7629},
  Volume                   = {36},

  Publisher                = {Elsevier}
}


@article{gong2014estimating,
  title={Estimating information entropy for hydrological data: One-dimensional case},
  author={Wei Gong and Dawen Yang and  H. V. Gupta  and   Grey Nearing},
  journal={Water Resources Research},
  volume={50},
  number={6},
  pages={5003--5018},
  year={2014},
  publisher={Wiley Online Library}
}


@Article{duan2006model,
  Title                    = {Model Parameter Estimation Experiment (MOPEX): An overview of science strategy. and major results from the second and third workshops},
  Author                   = {Q. Duan  and   J. Schaake and  V. Andreassian and  et al},
  Journal                  = {Journal of Hydrology},
  Year                     = {2006},
  Number                   = {1},
  Pages                    = {3--17},
  Volume                   = {320},

  Publisher                = {Elsevier}
}

@Article{dibike2001model,
  Title                    = {Model induction with support vector machines: introduction and applications},
  Author                   = {Y. B. Dibike and   S. Velickov and  D. Solomatine and  et al ,},
  Journal                  = {Journal of Computing in Civil Engineering},
  Year                     = {2001},
  Number                   = {3},
  Pages                    = {208--216},
  Volume                   = {15},

  Publisher                = {American Society of Civil Engineers}
}

@Article{gerrits2009analytical,
  Title                    = {Analytical derivation of the Budyko curve based on rainfall characteristics and a simple evaporation model},
  Author                   = {A. M. J. Gerrits and  H. H. G.  Savenije and  E. J. M. Veling  and  et al ,},
  Journal                  = {Water Resources Research},
  Year                     = {2009},
  Number                   = {4},
  Volume                   = {45},

  Publisher                = {Wiley Online Library}
}

@Article{gong2013estimating,
  Title                    = {Estimating epistemic and aleatory uncertainties during hydrologic modeling: An information theoretic approach},
  Author                   = { W. Gong and  H. V. Gupta    and D. Yang and  et al},
  Journal                  = {Water Resources Research},
  Year                     = {2013},
  Number                   = {4},
  Pages                    = {2253--2273},
  Volume                   = {49},

  Publisher                = {Wiley Online Library}
}

@Article{tekleab2011water,
  Title                    = {Water balance modeling of Upper Blue Nile catchments using a top-down approach},
  Author                   = {S. Tekleab and S.  Uhlenbrook and Y.  Mohamed and  et al },
  Journal                  = {Hydrology and Earth System Sciences},
  Year                     = {2011},
  Number                   = {7},
  Pages                    = {2179--2193},
  Volume                   = {15},

  Publisher                = {Copernicus GmbH}
}

@Article{xu2014attribution,
  Title                    = {Attribution analysis based on the Budyko hypothesis for detecting the dominant cause of runoff decline in Haihe basin},
  Author                   = { X. Xu and  D. Yang  and H. Yang  and  et al },
  Journal                  = {Journal of Hydrology},
  Year                     = {2014},
  Pages                    = {530--540},
  Volume                   = {510},

  Publisher                = {Elsevier}
}

@Article{yang2007analyzing,
  Title                    = {Analyzing spatial and temporal variability of annual water-energy balance in nonhumid regions of China using the Budyko hypothesis},
  Author                   = {D.  Yang and  F. Sun and Z. Liu  and  et al },
  Journal                  = {Water Resources Research},
  Year                     = {2007},
  Number                   = {4},
  Volume                   = {43},

  Publisher                = {Wiley Online Library}
}

@Article{yang2008new,
  Title                    = {New analytical derivation of the mean annual water-energy balance equation},
  Author                   = {H. Yang  and D. Yang  and Z. Lei  and  et al},
  Journal                  = {Water Resources Research},
  Year                     = {2008},
  Number                   = {3},
  Volume                   = {44},

  Publisher                = {Wiley Online Library}
}



@Article{zhang2008water,
  Title                    = {Water balance modeling over variable time scales based on the Budyko framework--Model development and testing},
  Author                   = {L. Zhang  and  Potter N. and  Hickel K. and  et al },
  Journal                  = {Journal of Hydrology},
  Year                     = {2008},
  Number                   = {1},
  Pages                    = {117--131},
  Volume                   = {360},

  Publisher                = {Elsevier}
}

@Book{cover2012elements,
  Title                    = {Elements of information theory},
  Author                   = {T. M. Cover  and  J. A. Thomas},
  Publisher                = {John Wiley \& Sons},
  Year                     = {2012}
}

@Article{amorocho1973entropy,
  Title                    = {Entropy in the assessment of uncertainty in hydrologic systems and models},
  Author                   = {J. Amorocho and B. Espildora },
  Journal                  = {Water Resources Research},
  Year                     = {1973},
  Number                   = {6},
  Pages                    = {1511--1522},
  Volume                   = {9},

  Publisher                = {Wiley Online Library}
}

@Article{FuBaopu,
  Title                    = {Lansurface Evaporation Calculation},
  Author                   = {B. Fu},
  Journal                  = {Meterology Science(China)},
  Year                     = {1981},
  Number                   = {1},
  Pages                    = {23--31},
  Volume                   = {5}
}



@Book{hyvarinen2004independent,
  Title                    = {Independent component analysis},
  Author                   = {A. Hyv{\"a}rinen   and  J. Karhunen and E. Oja },
  Publisher                = {John Wiley \& Sons},
  Year                     = {2004},
  Volume                   = {46}
}

@Article{jobson1982evaporation,
  Title                    = {Evaporation Into the Atmosphere: Theory, History, and Applications},
  Author                   = {H. E. Jobson},
  Journal                  = {Eos Transactions American Geophysical Union},
  Year                     = {1982},
  Number                   = {51},
  Pages                    = {1223--1224},
  Volume                   = {63},

  Publisher                = {Wiley Online Library}
}

@Article{shannon2001mathematical,
  Title                    = {A mathematical theory of communication},
  Author                   = {C. E. Shannon },
  Journal                  = {ACM SIGMOBILE Mobile Computing and Communications Review},
  Year                     = {1948},
  Number                   = {1},
  Pages                    = {3--55},
  Volume                   = {5},

  Publisher                = {ACM}
}

@Article{chapman1986entropy,
  Title                    = {Entropy as a measure of hydrologic data uncertainty and model performance},
  Author                   = {T. G. Chapman },
  Journal                  = {Journal of Hydrology},
  Year                     = {1986},
  Number                   = {1},
  Pages                    = {111--126},
  Volume                   = {85},

  Publisher                = {Elsevier}
}

@Article{budyko1961heat,
  Title                    = {The heat balance of the earth's surface},
  Author                   = {M.I. Budyko},
  Journal                  = {Soviet Geography},
  Year                     = {1961},
  Number                   = {4},
  Pages                    = {3--13},
  Volume                   = {2},

  Publisher                = {Taylor \& Francis}
}

@Article{Beven,
  Title                    = {How far can we go in distributed hydrological modelling},
  Author                   = { K. J. Beven},
  Journal                  = {Hydrology and Earth
System Sciences},
  Year                     = {2001},
  Pages                    = {1-12},
  Volume                   = {5(1)}
}

@Article{choudhury1999evaluation,
  Title                    = {Evaluation of an empirical equation for annual evaporation using field observations and results from a biophysical model},
  Author                   = {B. J. Choudhury},
  Journal                  = {Journal of Hydrology},
  Year                     = {1999},
  Number                   = {1},
  Pages                    = {99--110},
  Volume                   = {216},

  Publisher                = {Elsevier}
}

@Article{chang2011libsvm,
  Title                    = {LIBSVM: a library for support vector machines},
  Author                   = { C. C. Chang and C. J. Lin  },
  Journal                  = {ACM Transactions on Intelligent Systems and Technology (TIST)},
  Year                     = {2011},
  Number                   = {3},
  Pages                    = {27},
  Volume                   = {2},

  Publisher                = {ACM}
}

@Article{moore1985probability,
  Title                    = {The probability-distributed principle and runoff production at point and basin scales},
  Author                   = {R. J. Moore  },
  Journal                  = {Hydrological Sciences Journal},
  Year                     = {1985},
  Number                   = {2},
  Pages                    = {273--297},
  Volume                   = {30},

  Publisher                = {Taylor \& Francis}
}

@Article{abebe2003managing,
  Title                    = {Managing uncertainty in hydrological models using complementary models},
  Author                   = {A. J. Abebe  and R. K.  Price },
  Journal                  = {Hydrological sciences journal},
  Year                     = {2003},
  Number                   = {5},
  Pages                    = {679--692},
  Volume                   = {48},

  Publisher                = {Taylor \& Francis}
}

@Article{freeze1969blueprint,
  Title                    = {Blueprint for a physically-based digitally-simulated hydrologic response model},
  Author                   = {R. A. Freeze and  R. L. Harlan},
  Journal                  = {Journal of Hydrology},
  Year                     = {1969},
  Number                   = {3},
  Pages                    = {237--258},
  Volume                   = {9},

  Publisher                = {Elsevier}
}

@Article{bloschl1995scale,
  Title                    = {Scale issues in hydrological modelling: a review},
  Author                   = {G.  Bl{\"o}schl  and  M. Sivapalan },
  Journal                  = {Hydrological processes},
  Year                     = {1995},
  Number                   = {3-4},
  Pages                    = {251--290},
  Volume                   = {9},

  Publisher                = {Wiley Online Library}
}

@Article{sankarasubramanian2003hydroclimatology,
  Title                    = {Hydroclimatology of the continental United States},
  Author                   = {A. Sankarasubramanian and R. M. Vogel },
  Journal                  = {Geophysical Research Letters},
  Year                     = {2003},
  Number                   = {7},
  Volume                   = {30},

  Publisher                = {Wiley Online Library}
}

@Article{sankarasubramanian2002annual,
  Title                    = {Annual hydroclimatology of the United States},
  Author                   = {A. Sankarasubramanian and R. M. Vogel },
  Journal                  = {Water Resources Research},
  Year                     = {2002},
  Number                   = {6},
  Pages                    = {19--1},
  Volume                   = {38},

  Publisher                = {Wiley Online Library}
}

@Article{pettitt1979non,
  Title                    = {A non-parametric approach to the change-point problem},
  Author                   = {A. N. Pettitt },
  Journal                  = {Applied statistics},
  Year                     = {1979},
  Pages                    = {126--135},

  Publisher                = {JSTOR}
}

@Article{wang2012responses,
  Title                    = {Responses of annual runoff, evaporation, and storage change to climate variability at the watershed scale},
  Author                   = {D. Wang  and N. Alimohammadi },
  Journal                  = {Water Resources Research},
  Year                     = {2012},
  Number                   = {5},
  Volume                   = {48},

  Publisher                = {Wiley Online Library}
}

@Article{weijs2010hydrological,
  Title                    = {Why hydrological predictions should be evaluated using information theory},
  Author                   = { S. V. Weijs and G. Schoups  and N. Van De Giesen },
  Journal                  = {Hydrology and Earth System Sciences},
  Year                     = {2010},
  Number                   = {12},
  Pages                    = {2545--2558},
  Volume                   = {14},

  Publisher                = {Copernicus GmbH}
}

@Article{weijs2011accounting,
  Title                    = {Accounting for observational uncertainty in forecast verification: An information-theoretical view on forecasts, observations, and truth},
  Author                   = { S. V. Weijs  and N. Van De Giesen },
  Journal                  = {Monthly Weather Review},
  Year                     = {2011},
  Number                   = {7},
  Pages                    = {2156--2162},
  Volume                   = {139}
}

@Article{weijs2010kullback,
  Title                    = {Kullback-Leibler divergence as a forecast skill score with classic reliability-resolution-uncertainty decomposition},
  Author                   = { S. V. Weijs and G. Schoups  and N. Van De Giesen },
  Journal                  = {Monthly Weather Review},
  Year                     = {2010},
  Number                   = {9},
  Pages                    = {3387--3399},
  Volume                   = {138}
}

@Article{boyle2001multicriteria,
  Title                    = {Multicriteria calibration of hydrologic models},
  Author                   = {D. P. Boyle },
  Year                     = {2001},

  Publisher                = {The University of Arizona}
}

@Article{kraskov2004estimating,
  Title                    = {Estimating mutual information},
  Author                   = {A. Kraskov  and H.  St{\"o}gbauer and P. Grassberger },
  Journal                  = {Physical review E},
  Year                     = {2004},
  Number                   = {6},
  Pages                    = {066138},
  Volume                   = {69},

  Publisher                = {APS}
}

@Book{singh2013entropy,
  Title                    = {Entropy theory and its application in environmental and water engineering},
  Author                   = {V. P. Singh },
  Publisher                = {John Wiley \& Sons},
  Year                     = {2013}
}

@Article{P,2000,a
  Title                    = {The entropy theory as a tool for modelling and decision-making in environmental and water resources},
  Author                   = {V. P. Singh },
  Journal                  = {WATER SA-PRETORIA-},
  Year                     = {2000},
  Number                   = {1},
  Pages                    = {1--12},
  Volume                   = {26},

  Publisher                = {WATER RESEARCH COMMISSION-S AFRICA}
}

@Article{singh2000entropy,
  Title                    = {The entropy theory as a tool for modelling  and decision-making in environmental and water resources},
  Author                   = {V. P. Singh },
  Journal                  = {WATER SA-PRETORIA-},
  Year                     = {2000},
  Number                   = {1},
  Pages                    = {1--12},
  Volume                   = {26},

  Publisher                = {WATER RESEARCH COMMISSION-S AFRICA}
}


@Article{singh1997use,
  Title                    = {The use of entropy in hydrology and water resources},
  Author                   = {V. P. Singh },
  Journal                  = {Hydrological processes},
  Year                     = {1997},
  Number                   = {6},
  Pages                    = {587--626},
  Volume                   = {11},

  Publisher                = {Bristol}
}

@InProceedings{shi1998modified,
  Title                    = {A modified particle swarm optimizer},
  Author                   = {Y. Shi  and R. Eberhart },
  Booktitle                = {Evolutionary Computation Proceedings,1998,IEEE World Congress on Computational Intelligence, The 1998 IEEE International Conference on},
  Year                     = {1998},
  Organization             = {IEEE},
  Pages                    = {69--73}
}

@Article{zhang2001response,
  Title                    = {Response of mean annual evapotranspiration to vegetation changes at catchment scale},
  Author                   = {L. Zhang  and  W. R. Dawes },
  Journal                  = {Water resources research},
  Year                     = {2001},
  Number                   = {3},
  Pages                    = {701--708},
  Volume                   = {37},

  Publisher                = {Wiley Online Library}
}

@Article{xiong1999two,
  Title                    = {A two-parameter monthly water balance model and its application},
  Author                   = {Lihua Xiong  and Shenglian Guo },
  Journal                  = {Journal of Hydrology},
  Year                     = {1999},
  Number                   = {1},
  Pages                    = {111--123},
  Volume                   = {216},

  Publisher                = {Elsevier}
}

@Article{abcd,
  Title                    = {Improved Methods for National Water Assessment},
  Author                   = {H. A. Thomas },
  Year                     = {1981},
  Volume                   = {WR15249270[A]},
}

@Article{cortes1995support,
  Title                    = {Support-vector networks},
  Author                   = {C. Cortes  and V. Vapnik  },
  Journal                  = {Machine learning},
  Year                     = {1995},
  Number                   = {3},
  Pages                    = {273--297},
  Volume                   = {20},

  Publisher                = {Springer}
}

@Article{nash1970river,
  Title                    = {River flow forecasting through conceptual models part I—A discussion of principles},
  Author                   = {J. E. Nash  and  J. V. Sutcliffe },
  Journal                  = {Journal of hydrology},
  Year                     = {1970},
  Number                   = {3},
  Pages                    = {282--290},
  Volume                   = {10},

  Publisher                = {Elsevier}
}

@Article{pokhrel2010use,
  Title                    = {On the use of spatial regularization strategies to improve calibration of distributed watershed models},
  Author                   = {P. Pokhrel  and H. V. Gupta  },
  Journal                  = {Water resources research},
  Year                     = {2010},
  Number                   = {1},
  Volume                   = {46},

  Publisher                = {Wiley Online Library}
}

@Article{phdgong,
  Title                    = {Watershed model uncertainty analysis based on information entropy  and mutual information},
  Author                   = {W. Gong },
  Journal                  = {PhD thesis of Department of Hydraulic Engineering Tsinghua University,  Beijing, China },
  Year                     = {2012},
}

@Article{lin2006using,
  Title                    = {Using support vector machines for long-term discharge prediction},
  Author                   = {J. Y. Lin  and C. T. Cheng  and K. W. Chau  },
  Journal                  = {Hydrological Sciences Journal},
  Year                     = {2006},
  Number                   = {4},
  Pages                    = {599--612},
  Volume                   = {51},

  Publisher                = {Taylor \& Francis}
}

@article{weijs2013data,
  title={Data compression to define information content of hydrological time series},
  author={S. V. Weijs  and N. Van De Giesen  and M. B. Parlange  },
  journal={Hydrology. and Earth System Sciences},
  volume={17},
  number={8},
  pages={3171--3187},
  year={2013},
  publisher={Copernicus GmbH}
}

@article{weijs2013hydrozip,
  title={HydroZIP: how hydrological knowledge can be used to improve compression of hydrological data},
  author={S. V. Weijs  and N. Van De Giesen  and M. B. Parlange  },
  journal={Entropy},
  volume={15},
  number={4},
  pages={1289--1310},
  year={2013},
  publisher={Multidisciplinary Digital Publishing Institute}
}

@article{cerra2013expanding,
  title={Expanding the algorithmic information theory frame for applications to earth observation},
  author={ D. Cerra and M. Datcu  },
  journal={Entropy},
  volume={15},
  number={1},
  pages={407--415},
  year={2013},
  publisher={Multidisciplinary Digital Publishing Institute}
}

@article{granados2014discovering,
  title={Discovering Dataset Nature through Algorithmic Clustering based on String Compression},
  author={A. Granados  and K.  Koroutchev and F. De Borja Rodriguez },
  year={2014},
  publisher={IEEE}
}

@article{grunwald2004shannon,
  title={Shannon information. and Kolmogorov complexity},
  author={ P. Grunwald  and P. Vit{\'a}nyi },
  journal={arXiv preprint cs/0410002},
  year={2004}
}


@book{li2009introduction,
  title={An introduction to Kolmogorov complexity and its applications},
  author={Ming Li and Vit{\'a}nyi  Paul},
  year={2009},
  publisher={Springer Science \& Business Media}
}



@article{wang2014one,
  title={A one-parameter Budyko model for water balance captures emergent behavior in darwinian hydrologic models},
  author={D. Wang and Y. A. Tang },
  journal={Geophysical Research Letters},
  volume={41},
  number={13},
  pages={4569--4577},
  year={2014},
  publisher={Wiley Online Library}
}

@book{bryant2003computer,
  title={Computer systems: a programmer's perspective},
  author={R. Bryant and O. H. David Richard},
  year={2003},
  publisher={Prentice Hall}
}

@book{hofstadter1980godel,
  title={G{\"o}del, Escher, Bach, An Eternal Golden Braid},
  author={Hofstadter, Douglas R},
  publisher={Penguin},
  pages={313},
  year={2000}
}

@article{katul2007spectrum,
  title={On the spectrum of soil moisture from hourly to interannual scales},
  author={Katul, Gabriel G and Porporato, Amilcare and Daly, Edoardo and Oishi, A Christopher and Kim, Hyun-Seok and Stoy, Paul C and Juang, Jehn-Yih and Siqueira, Mario B},
  journal={Water Resources Research},
  volume={43},
  number={5},
  year={2007},
  publisher={Wiley Online Library}
}
