@misc{
z,
author = {Firstname Lastname},
title = {The title of the content},
howpublished = {\url{https://github.com/morepenn}}
}