@book{cover2012elements,
  title={Elements of information theory},
  author={Cover, Thomas M and Thomas, Joy A},
  year={2012},
  publisher={John Wiley \& Sons}
}

@article{xiong1999two,
  title={A two-parameter monthly water balance model and its application},
  author={Xiong, Lihua and Guo, Shenglian},
  journal={Journal of Hydrology},
  volume={216},
  number={1},
  pages={111--123},
  year={1999},
  publisher={Elsevier}
}

@article{kraskov2004estimating,
  title={Estimating mutual information},
  author={Kraskov, Alexander and St{\"o}gbauer, Harald and Grassberger, Peter},
  journal={Physical review E},
  volume={69},
  number={6},
  pages={066138},
  year={2004},
  publisher={APS}
}

 
 @article{gong2013estimating,
  title={Estimating epistemic and aleatory uncertainties during hydrologic modeling: An information theoretic approach},
  author={Gong, Wei and Gupta, Hoshin V and Yang, Dawen and Sricharan, Kumar and Hero, Alfred O},
  journal={Water Resources Research},
  volume={49},
  number={4},
  pages={2253--2273},
  year={2013},
  publisher={Wiley Online Library}
}

@Article{phdgong,
  Title                    = {Watershed model uncertainty analysis based on information entropy and mutual information},
  Author                   = {Wei Gong},
  Journal                  = {Ph.D. thesis, Dep. of Hydraulic Engineering, Tsinghua Univ., Beijing, China }
}
