% This file was created with JabRef 2.10.
% Encoding: utf8

@book{bryant2003computer,
  title={Computer systems: a programmer's perspective},
  author={Bryant, Randal and David Richard, O'Hallaron},
  year={2003},
  publisher={Prentice Hall}
}